%%%% Guide til bibtex og litteratur.bib %%%%

% Alle kilder angives efter Harvard-metoden og vil i rapporten fremstaa med [FORFATTER, AAR] eller mere praecist [EFTERNAVN, AAR].

% Nederst findes eksempler paa kildeangivelser af typerne book, article, manual techreport og misc.
	% - Book bruges ved helt almindelige boeger
	% - Article bruges ved artikler og udgivelser
	% - Manual bruges ved henvisninger fra internettet, idet \url-funktionen findes her
	% - Techreport kan bruges ved mindre udgivelser, hvor kun titel, forfatter og aar er noedvendig eller tilgaengelig
	% - Misc kan bruges ved det, der falder udenfor de andre kategorier - interview, forelaesninger, foredrag osv. 

% Hvis der er flere forfattere paa en kilde, SKAL de listes med 'and' imellem dem - ogsaa ved 3 og derover (f.eks. FORFATTER 1 and FORFATTER 2 and FORFATTER 3). Naar kildelisten bygges i rapporten, vil der ved 2 forfattere komme til at staa [EFTERNAVN 1 og EFTERNAVN 2, AAR] og ved 3 forfattere og derover komme til at staa [EFTERNAVN 1 et. al, AAR]. 

% Ved almindelige forfatternavne skal der vaere ét saet tuborg-parenteser ved Author (f.eks. author = {H. C. Andersen}). Ved andre navne (f.eks. virksomheder, hjemmesider, grupper, raad, naevn osv.) skal der vaere 2 saet tuborg-parenteser ved Author (f.eks. author = {{Dansk Standard}}). Begrundelse: Med 2 saet tuborg-parenteser skrives hele parentesen ud som forfatter, [Dansk Standard, AAR]. Alternativt ville der i eksemplet bare komme til at staa [Standard, AAR].


%%%% EKSEMPLER (book, article, manual, techreport og misc) %%%%

@book{fysikbog,
	title = {Physics for Scientists and Engineers, 7th edition},
	author = {John W. Jewett and Raymond A. Serway},
	year = {2008},
	number = {ISBN: 0-495-11240-2},
	series = {Paperback},
	publisher = {Thomson Learning}
}

@article{maalere,
	author = {Lars Gullev and Michael Poulsen},
	title = {The installation of meters leads to permanent changes in consumer behaviour},
	journal = {News from DBDH},
	volume = {Journal 3/2006},
	pages = {s. 20-24},
	year = {2006}
}

@article{safe,
	author = {John Regehr},
	title = {Safe and Structured Use of Interrupts in Real-Time and
	Embedded Software},
	year = {2006}
}

@manual{es,
	author = {Techopedia.com},
	address = {\url{https://www.techopedia.com/definition/3636/embedded-system}},
	title = {Embedded Systems},
	note = {Accessed: 25-09-2016}
}

@manual{Servo,
	author = { Philippe "Philo" Hurbain},
	address = {\url{http://www.philohome.com/motors/motorcomp.htm}},
	title = {LEGO® 9V Technic Motors compared characteristics},
	note = {Accessed: 12-10-2016}
}

@manual{aws,
	author = {Arduino.cc},
	address = {\url{https://www.arduino.cc/en/Main/ArduinoWiFiShield}},
	title = {Arduino WiFi Shield},
	note = {Accessed: 17-10-2016}
}

@manual{AVRFIX, 
	author = {Maximilian Rosenblattl and Andreas Wolf},
	address = {\url{https://github.com/duckythescientist/avrfix}},
	title = {AVRFIX},
	note = {Accessed: 08-12-2016}
}


@manual{ams,
	author = {Arduino.cc},
	address = {\url{https://www.arduino.cc/en/Main/ArduinoMotorShieldR3}},
	title = {Arduino Motor Shield},
	note = {Accessed: 18-10-2016}
}

@manual{a,
	author = {Arduino.cc},
	address = {\url{https://www.arduino.cc/en/Main/ArduinoBoardMega2560}},
	title = {Arduino Mega 2560},
	note = {Accessed: 25-09-2016}
}

@manual{es2,
	author = {Techopedia.com},
	address = {\url{https://www.techopedia.com/definition/3636/embedded-system}},
	title = {Embedded Systems},
	year = {2016},
	note = {Accessed: 25-09-2016}
}

@manual{kw,
	author= {Wikipedia.com},
	address = {\url{https://en.wikipedia.org/wiki/Kinect}},
	title = {Kinect Wiki},
	year = {2016},
	note = {Accessed: 19-10-2016}
	}


@misc{cd,
	author ={Bilags-CD},
	title ={CD med bilag tilhørende B131}	
}

@manual{wg,
	author ={Arduino.cc},
	address = {\url{https://www.arduino.cc/en/Guide/ArduinoWiFiShield}},
	title ={WifiGuide}	
}

@book{rtsbog,
	title = {Real-Time Embedded Systems: Open-Source Operating systems Perspective},
	author = {Ivan Cibrario Bertolotti and Gabriele Manduchi},
	year = {2012},
	number = {ISBN: 9781439841549},
	series = {ebook},
	publisher = {CRC Press 2012}
}


